@book{learnyouahaskell,
    author = {Miran Lipovača},
    title = {Learn You a Haskell for Great Good!: A Beginner's Guide},
    publisher = {No Starch Press},
    isbn = {9781593272838},
    month = {April},
    year = {2011},
}

@book{abelson1996structure,
  title={Structure and interpretation of computer programs},
  author={Abelson, Harold and Sussman, Gerald Jay},
  year={1996},
  publisher={The MIT Press}
}

@article{Fritz_2020,
	doi = {10.1016/j.aim.2020.107239},
	url = {https://doi.org/10.1016%2Fj.aim.2020.107239},
	year = 2020,
	month = {aug},
	publisher = {Elsevier {BV}},
	volume = {370},
	pages = {107239},
	author = {Tobias Fritz},
	title = {A synthetic approach to Markov kernels, conditional independence and theorems on sufficient statistics},
	journal = {Advances in Mathematics},
}

@article{Cho_2019,
	doi = {10.1017/s0960129518000488},
	url = {https://doi.org/10.1017%2Fs0960129518000488},
	year = {2019},
	month = {March},
	publisher = {Cambridge University Press ({CUP})},
	volume = {29},
	number = {7},
	pages = {938--971},
	author = {Kenta Cho and Bart Jacobs},
	title = {Disintegration and Bayesian inversion via string diagrams},
	journal = {Mathematical Structures in Computer Science},
}

@Book{milewski_category,
  author =       "Bartosz Milewski",
  title =        "Category Theory for Programmers",
  year =         "2019",
  publisher =    "Blurb, Inc",
}

@Book{riehl_category,
  author =       "Emily Riehl",
  title =        "Category Theory in Context",
  ISBN =         "9780-486-80903-8",
  LCCN =         "2016498457",
  series =       "Aurora: Dover Modern Math Originals",
  URL =          "https://books.google.com/books?id=Sr09DQAAQBAJ",
  year =         "2016",
  publisher =    "Dover Publications",
}


@article{menegaz2015systematization,
author = {Menegaz, Henrique and Ishihara, Joao and Borges, Geovany and Vargas, A. N.},
year = {2015},
month = {10},
pages = {1-1},
title = {A Systematization of the Unscented Kalman Filter Theory},
volume = {60},
journal = {IEEE Transactions on Automatic Control},
doi = {10.1109/TAC.2015.2404511}
}

@book{yaakov2004estimation,
  title={Estimation with applications to tracking and navigation: theory algorithms and software},
  author={Bar-Shalom, Yaakov and Li, X Rong and Kirubarajan, Thiagalingam},
  year={2004},
  publisher={John Wiley \& Sons}
}

@ARTICLE{8382176,

  author={Menegaz, Henrique M. T. and Ishihara, João Y. and Kussaba, Hugo T. M.},

  journal={IEEE Transactions on Automatic Control},

  title={Unscented Kalman Filters for Riemannian State-Space Systems},

  year={2019},

  volume={64},

  number={4},

  pages={1487-1502},

  doi={10.1109/TAC.2018.2846684}}

@article{baez2015control,
  doi = {10.48550/ARXIV.1405.6881},
  
  url = {https://arxiv.org/abs/1405.6881},
  
  author = {Baez, John C. and Erbele, Jason},
  
  keywords = {Category Theory (math.CT), Quantum Algebra (math.QA), Quantum Physics (quant-ph), FOS: Mathematics, FOS: Mathematics, FOS: Physical sciences, FOS: Physical sciences},
  
  title = {Categories in Control},
  
  publisher = {arXiv},
  
  year = {2014},
  
  copyright = {arXiv.org perpetual, non-exclusive license}
}

@misc{fong2016thesis,
  doi = {10.48550/ARXIV.1609.05382},

  url = {https://arxiv.org/abs/1609.05382},

  author = {Fong, Brendan},

  keywords = {Category Theory (math.CT), FOS: Mathematics, FOS: Mathematics, 18C10, 18D10},

  title = {The Algebra of Open and Interconnected Systems},

  publisher = {arXiv},

  year = {2016},

  copyright = {arXiv.org perpetual, non-exclusive license}
}

@inproceedings{fong2016dynamicalsystems,
	doi = {10.1145/2933575.2934556},

	url = {https://doi.org/10.1145%2F2933575.2934556},

	year = 2016,
	month = {jul},

	publisher = {{ACM}
},

	author = {Brendan Fong and Pawe{\l} Soboci{\'{n}}ski and Paolo Rapisarda},

	title = {A categorical approach to open and interconnected dynamical systems},

	booktitle = {Proceedings of the 31st Annual {ACM}/{IEEE} Symposium on Logic in Computer Science}
}
